<record><leader>00000cas a22000007a 4500</leader><controlfield tag="001">14287376</controlfield><controlfield tag="008">861001d19411990waudn ne      0    0eng  </controlfield><datafield ind1=" " ind2=" " tag="010"><subfield code="a">sn 86071991 </subfield></datafield><datafield ind1=" " ind2=" " tag="040"><subfield code="a">DLC</subfield><subfield code="b">eng</subfield><subfield code="c">DLC</subfield><subfield code="d">SLZ</subfield><subfield code="d">WAU</subfield><subfield code="d">OCLCQ</subfield><subfield code="d">OCLCF</subfield><subfield code="d">OCLCO</subfield></datafield><datafield ind1=" " ind2=" " tag="037"><subfield code="b">Pearl and Maple Streets, Centralia, Wash. 98531</subfield></datafield><datafield ind1=" " ind2=" " tag="042"><subfield code="a">msc</subfield></datafield><datafield ind1=" " ind2=" " tag="043"><subfield code="a">n-us-wa</subfield></datafield><datafield ind1="0" ind2="0" tag="050"><subfield code="a">Newspaper</subfield></datafield><datafield ind1="0" ind2=" " tag="130"><subfield code="a">Daily chronicle (Centralia, Wash.)</subfield></datafield><datafield ind1="1" ind2="4" tag="245"><subfield code="a">The Daily chronicle.</subfield></datafield><datafield ind1="1" ind2="7" tag="246"><subfield code="a">Centralia, Washington, daily chronicle</subfield></datafield><datafield ind1=" " ind2=" " tag="260"><subfield code="a">Centralia, Wash. :</subfield><subfield code="b">Ray W. Edinger</subfield></datafield><datafield ind1=" " ind2=" " tag="300"><subfield code="a">v.</subfield></datafield><datafield ind1=" " ind2=" " tag="310"><subfield code="a">Daily (except Sunday)</subfield></datafield><datafield ind1="0" ind2=" " tag="362"><subfield code="a">May 12, 1941-</subfield></datafield><datafield ind1="1" ind2=" " tag="362"><subfield code="a">Ceased with June 8, 1990.</subfield></datafield><datafield ind1=" " ind2=" " tag="530"><subfield code="a">Also issued on microfilm from Bell &amp; Howell, Micro Photo Div.; Washington State Library; University of Washington.</subfield></datafield><datafield ind1=" " ind2=" " tag="588"><subfield code="a">Description based on: Vol. 54, no. 87 (Apr. 12, 1945).</subfield></datafield><datafield ind1=" " ind2="0" tag="651"><subfield code="a">Centralia (Wash.)</subfield><subfield code="v">Newspapers.</subfield></datafield><datafield ind1=" " ind2="7" tag="655"><subfield code="a">Newspapers.</subfield><subfield code="2">fast</subfield><subfield code="0">(OCoLC)fst01423814</subfield></datafield><datafield ind1=" " ind2="7" tag="651"><subfield code="a">Washington (State)</subfield><subfield code="z">Centralia.</subfield><subfield code="2">fast</subfield><subfield code="0">(OCoLC)fst01221229</subfield></datafield><datafield ind1=" " ind2=" " tag="752"><subfield code="a">United States</subfield><subfield code="b">Washington</subfield><subfield code="c">Lewis</subfield><subfield code="d">Centralia.</subfield></datafield><datafield ind1="0" ind2="0" tag="780"><subfield code="t">Centralia daily chronicle</subfield><subfield code="w">(DLC)sn 88085042</subfield></datafield><datafield ind1="0" ind2="0" tag="785"><subfield code="t">Chronicle (Centralia, Wash.)</subfield><subfield code="w">(DLC)sn 90099759</subfield><subfield code="w">(OCoLC)22107864</subfield></datafield></record>